<record><leader>00000cas a22000007a 4500</leader><controlfield tag="001">12102525</controlfield><controlfield tag="008">850531d18951896iauwr ne      0    0eng d</controlfield><datafield ind1=" " ind2=" " tag="010"><subfield code="a">sn 85050813 </subfield></datafield><datafield ind1=" " ind2=" " tag="040"><subfield code="a">INP</subfield><subfield code="b">eng</subfield><subfield code="c">INP</subfield><subfield code="d">OCL</subfield><subfield code="d">OCLCQ</subfield></datafield><datafield ind1=" " ind2=" " tag="042"><subfield code="a">msc</subfield></datafield><datafield ind1="0" ind2=" " tag="130"><subfield code="a">Roland record (Roland, Iowa : 1895)</subfield></datafield><datafield ind1="1" ind2="0" tag="245"><subfield code="a">Roland record.</subfield></datafield><datafield ind1="3" ind2="0" tag="246"><subfield code="a">Record</subfield></datafield><datafield ind1=" " ind2=" " tag="260"><subfield code="a">Roland, Iowa :</subfield><subfield code="b">Armstrong &amp; Son,</subfield><subfield code="c">1895-1896.</subfield></datafield><datafield ind1=" " ind2=" " tag="300"><subfield code="a">2 v. :</subfield><subfield code="b">ill. ;</subfield><subfield code="c">52 cm.</subfield></datafield><datafield ind1=" " ind2=" " tag="310"><subfield code="a">Weekly</subfield></datafield><datafield ind1="0" ind2=" " tag="362"><subfield code="a">Vol. 1, no. 1 (Feb. 28, 1895)-v. 2, no. 8 (Apr. 17, 1896).</subfield></datafield><datafield ind1=" " ind2=" " tag="500"><subfield code="a">"Republican."</subfield></datafield><datafield ind1=" " ind2=" " tag="752"><subfield code="a">United States</subfield><subfield code="b">Iowa</subfield><subfield code="c">Story</subfield><subfield code="d">Roland.</subfield></datafield><datafield ind1="0" ind2="0" tag="785"><subfield code="t">Record (Roland, Iowa)</subfield><subfield code="w">(DLC)sn 85050814</subfield></datafield></record>